@inproceedings{andrade2005challenge,
  title={Challenge-sensitive action selection: an application to game balancing},
  author={Andrade, Gustavo and Ramalho, Geber and Santana, Hugo and Corruble, Vincent},
  booktitle={Intelligent Agent Technology, IEEE/WIC/ACM International Conference on},
  pages={194--200},
  year={2005},
  organization={IEEE}
}

@article{ramamoorthy2013latent,
  title={Latent-Variable MDP Models for Adapting the Interaction Environment of Diverse Users},
  author={Ramamoorthy, Subramanian and Mahmud, MM Hassan and Rosman, Benjamin and Kohli, Pushmeet},
  year = {2013}
}

@article{rosman2014user,
  title={On User Behaviour Adaptation Under Interface Change},
  author={Rosman, Benjamin and Ramamoorthy, Subramanian and Mahmud, MM Hassan and Kohli, Pushmeet},
  year={2014}
}

@article{beaudry2005understanding,
  title={Understanding user responses to information technology: A coping model of user adaptation},
  author={Beaudry, Anne and Pinsonneault, Alain},
  journal={Mis Quarterly},
  pages={493--524},
  year={2005},
  publisher={JSTOR}
}




@inproceedings{dessart2011showing,
  title={Showing user interface adaptivity by animated transitions},
  author={Dessart, Charles-Eric and Genaro Motti, Vivian and Vanderdonckt, Jean},
  booktitle={Proceedings of the 3rd ACM SIGCHI symposium on Engineering interactive computing systems},
  pages={95--104},
  year={2011},
  organization={ACM}
}



@inproceedings{gajos2008improving,
  title={Improving the performance of motor-impaired users with automatically-generated, ability-based interfaces},
  author={Gajos, Krzysztof Z and Wobbrock, Jacob O and Weld, Daniel S},
  booktitle={Proceedings of the SIGCHI conference on Human Factors in Computing Systems},
  pages={1257--1266},
  year={2008},
  organization={ACM}
}



@article{white1991survey,
  title={A survey of solution techniques for the partially observed Markov decision process},
  author={White III, Chelsea C},
  journal={Annals of Operations Research},
  volume={32},
  number={1},
  pages={215--230},
  year={1991},
  publisher={Springer}
}

@book{sutton1998introduction,
  title={Introduction to reinforcement learning},
  author={Sutton, Richard S and Barto, Andrew G},
  year={1998},
  publisher={MIT Press}
}


}
@article{lavie2010benefits,
  title={Benefits and costs of adaptive user interfaces},
  author={Lavie, Talia and Meyer, Joachim},
  journal={International Journal of Human-Computer Studies},
  volume={68},
  number={8},
  pages={508--524},
  year={2010},
  publisher={Elsevier}
}
